@misc{
	カオス人形のしくみ,
	title="{カオス人形のしくみ}",
	author={山田 泰司},
	year=1996,
	howpublished="\url{https://www.aihara.co.jp/~taiji/pendula-equations/present.html}",
}

@misc{
	システム数理IV,
	title="{システム数理IV}",
	author={牧野 淳一郎},
	year=1998,
	howpublished="\url{http://jun.artcompsci.org/kougi/system_suuri4_1999/all/all.html}",
}
@misc{
	陰的RUNGE-KUTTA法,
	title="{陰的RUNGE-KUTTA法}",
	author={シキノ},
	year=2018,
	howpublished="\url{http://slpr.sakura.ne.jp/qp/implicit-runge-kutta/}",
}
